@INPROCEEDINGS{cha1, 
author={Hyouk-Kyu Cha and Raja, M.K. and Xiaojun Yuan and Minkyu Je}, 
booktitle={Solid State Circuits Conference (A-SSCC), 2010 IEEE Asian}, 
title={A CMOS MedRadio receiver RF front-end with complementary current-reuse LNA for biomedical applications}, 
year={2010}, 
month={Nov}, 
pages={1-4}, 
doi={10.1109/ASSCC.2010.5716555},}

@INPROCEEDINGS{cha2, 
author={Hyouk-Kyu Cha and Raja, M.K. and Xiaojun Yuan and Minkyu Je}, 
booktitle={Microw. Opt. Technol. Lett.}, 
title={A 1-V 1.2-mW CMOS medradio receiver for biomedical applications}, 
year={2012}, 
month={Sept}, 
pages={54: 2821â€“2825}, 
doi={10.1002/mop.27205},} 

@ARTICLE{lna, 
author={Hyouk-Kyu Cha and Raja, M.K. and Xiaojun Yuan and Minkyu Je}, 
journal={Microwave Theory and Techniques, IEEE Transactions on}, 
title={A CMOS MedRadio Receiver RF Front-End With a Complementary Current-Reuse LNA}, 
year={2011}, 
month={July}, 
volume={59}, 
number={7}, 
pages={1846-1854}, 
doi={10.1109/TMTT.2011.2138153}, 
ISSN={0018-9480},}

@ARTICLE{vco, 
author={Sheng-Lyang Jang and Cheng-Chen Liu and Chun-Yi Wu and Miin-Horng Juang}, 
journal={Microwave and Wireless Components Letters, IEEE}, 
title={A 5.6 GHz Low Power Balanced VCO in 0.18  \mu m CMOS}, 
year={2009}, 
month={April}, 
volume={19}, 
number={4}, 
pages={233-235}, 
doi={10.1109/LMWC.2009.2015507}, 
ISSN={1531-1309},}